<record><leader>00000cas a2200000 a 4500</leader><controlfield tag="001">22465541</controlfield><controlfield tag="008">901003c19709999iluwr ne      0   a0eng c</controlfield><datafield ind1=" " ind2=" " tag="010"><subfield code="a">sn 90054619 </subfield></datafield><datafield ind1=" " ind2=" " tag="040"><subfield code="a">NVF</subfield><subfield code="b">eng</subfield><subfield code="c">NVF</subfield><subfield code="d">NSD</subfield><subfield code="d">NVF</subfield><subfield code="d">OCLCQ</subfield><subfield code="d">OCLCF</subfield><subfield code="d">OCLCO</subfield></datafield><datafield ind1=" " ind2=" " tag="012"><subfield code="l">1</subfield></datafield><datafield ind1="0" ind2=" " tag="022"><subfield code="a">1524-7732</subfield><subfield code="l">1524-7732</subfield><subfield code="2">1</subfield></datafield><datafield ind1="1" ind2=" " tag="029"><subfield code="a">AU@</subfield><subfield code="b">000020105853</subfield></datafield><datafield ind1=" " ind2=" " tag="042"><subfield code="a">pcc</subfield><subfield code="a">nsdp</subfield></datafield><datafield ind1=" " ind2=" " tag="043"><subfield code="a">n-us-il</subfield></datafield><datafield ind1="1" ind2="0" tag="082"><subfield code="a">071</subfield><subfield code="2">13</subfield></datafield><datafield ind1="0" ind2=" " tag="130"><subfield code="a">Herald (Metamora, Ill.)</subfield></datafield><datafield ind1="0" ind2=" " tag="210"><subfield code="a">Herald</subfield><subfield code="b">(Metamora Ill.)</subfield></datafield><datafield ind1=" " ind2="4" tag="222"><subfield code="a">The Herald</subfield><subfield code="b">(Metamora, Ill.)</subfield></datafield><datafield ind1="1" ind2="4" tag="245"><subfield code="a">The herald.</subfield></datafield><datafield ind1="1" ind2="3" tag="246"><subfield code="a">Metamora herald</subfield><subfield code="f">Apr. 9, 1970-Sept. 7, 1972</subfield></datafield><datafield ind1=" " ind2=" " tag="260"><subfield code="a">Metamora, Ill. :</subfield><subfield code="b">Beckman Newspapers, Inc.,</subfield><subfield code="c">1970-</subfield></datafield><datafield ind1=" " ind2=" " tag="300"><subfield code="a">v.</subfield></datafield><datafield ind1=" " ind2=" " tag="310"><subfield code="a">Weekly</subfield></datafield><datafield ind1="0" ind2=" " tag="362"><subfield code="a">Vol. 118, no. 1 (Apr. 9, 1970)-v. 119, no. 11 (July 8, 1971); v. 110, no. 12 (July 15, 1971)-</subfield></datafield><datafield ind1=" " ind2="0" tag="651"><subfield code="a">Metamora (Ill.)</subfield><subfield code="v">Newspapers.</subfield></datafield><datafield ind1=" " ind2="7" tag="655"><subfield code="a">Newspapers.</subfield><subfield code="2">fast</subfield><subfield code="0">(OCoLC)fst01423814</subfield></datafield><datafield ind1=" " ind2="7" tag="651"><subfield code="a">Illinois</subfield><subfield code="z">Metamora.</subfield><subfield code="2">fast</subfield><subfield code="0">(OCoLC)fst01217936</subfield></datafield><datafield ind1=" " ind2=" " tag="752"><subfield code="a">United States</subfield><subfield code="b">Illinois</subfield><subfield code="c">Woodford</subfield><subfield code="d">Metamora.</subfield></datafield><datafield ind1="0" ind2="0" tag="780"><subfield code="t">Metamora herald</subfield><subfield code="w">(DLC)sn 90054614</subfield><subfield code="w">(OCoLC)22465497</subfield></datafield></record>